2790 4816
1090 369 1136 438 79

77 569 132 635 tus
157 556 313 647 desinet,
340 558 439 631 unde
463 555 572 632 maris
606 557 763 652 quiescet
792 569 827 654 ct
854 560 1007 632 malacia
1037 573 1138 656 Ῑιτιι-1

74 677 316 758 ιιιιηῑὶιὶιίῐιιις
344 678 434 749 svis.
453 695 560 757 vero,
592 697 703 768 quum
736 693 814 752 eam
846 693 1032 770 querunt,
1063 683 1136 772 jem

74 797 180 902 abiit,
208 811 264 890 et,
293 821 366 891 quo
390 788 590 892 suingerit,
617 817 723 872 nemo
749 802 945 888 cognoscit.
962 838 1011 860 -
1036 804 1137 876 Inter

77 931 198 996 cetero
216 917 412 996 mirabilia
444 915 521 988 avis
558 912 764 992 Kersrbaoci
804 927 859 988 est
896 923 1137 1010 numerando,

73 1042 321 1138 magnitudine
344 1040 547 1140 columbam
576 1061 761 1132 superans.
814 1041 855 1113 ln
881 1042 981 1116 libro
1002 1045 1141 1118 Donum
1205 1012 1211 1030 ⁸

69 1178 183 1226 rerum
222 1155 420 1234 mircbtlium
459 1154 632 1248 inscripto
680 1154 831 1250 legitur,
883 1159 989 1230 eliam
1036 1186 1141 1236 erem
1242 1197 1244 1203 2

70 1271 199 1358 Karkar
234 1274 475 1364 nominatam,
508 1265 600 1342 ¹dum
646 1271 708 1341 illa
738 1275 859 1362 volat,
898 1299 1042 1370 semper
1073 1281 1142 1350 sub

71 1422 115 1468 sa
138 1423 205 1472 ore
225 1410 353 1490 aperto
378 1396 517 1483 volare,
544 1410 682 1466 stercus
704 1419 724 1464 e
746 1393 1010 1468 Kherscheneh
1037 1400 1144 1470 deci-

73 1517 161 1591 dens
177 1527 463 1612 exspectantem,
492 1515 591 1616 quod
617 1516 653 1586 in
681 1537 722 1585 os
757 1511 909 1608 ex'cipit3
928 1515 1050 1609 idque
1075 1530 1146 1588 so-'

70 1639 143 1708 lum
160 1637 238 1728 ejus
261 1657 339 1732 esse
354 1614 600 1714 'alimentum
627 1655 696 1702 nec
718 1654 891 1726 umquem
904 1631 1145 1720 Kersclnuneh

72 1772 241 1834 venusin
284 1778 508 1846 exonerare,
554 1757 622 1834 nisi
660 1753 721 1828 hic
759 1757 865 1829 adsit.
907 1793 958 1811 --
1001 1751 1147 1828 Anima!
1168 1746 1257 1813 ΡΜ·

70 1874 299 1966 moscdisorum
346 1875 511 1944 marinum
547 1875 742 1967 quotannis
783 1885 949 1970 tempore
982 1881 1085 1945 certo
1123 1863 1160 1940 e'

68 1993 162 2068 mari
198 2013 354 2062 numero·
389 2013 518 2085 magno
552 1990 639 2061 exit.
710 1989 810 2062 Tum
849 1971 991 2086 cupitur
1030 1999 1069 2060 et
1107 1988 1147 2058 in

71 2110 152 2186 coesi
175 2111 208 2196 ι)
245 2089 415 2178 umbilico
444 2105 613 2177 moschus
642 2108 849 2204 sanguini
835 2107 960 2178 similis
987 2105 1076 2174 latet
1098 2127 1146 2172 o-

64 2226 160 2301 mnis
196 2225 338 2318 generis
373 2225 680 2336 prmstsntissima.
762 2227 803 2296 ln
836 2249 878 2294 en
900 2247 989 2298 vero
1019 2220 1147 2316 regio-

64 2369 131 2432 ne
158 2325 223 2415 ubi
253 2345 453 2424 invenitur,
483 2329 622 2412 nullum
648 2345 762 2438 spirat
782 2346 953 2433 odorem3
985 2351 1023 2412 at
1050 2339 1172 2409 ffindo

68 2472 225 2540 sbventa
251 2447 418 2570 odorem,
441 2485 522 2552 quc
528 2463 671 2554 longius
685 2473 873 2572 portatur,
888 2484 932 2530 eo
952 2457 1148 2560 {ortionem

70 2587 114 2650 e'a
130 2581 345 2652 emittitoe-
358 2577 398 2647 In
411 2581 534 2651 insulis
548 2584 629 2658 heic
648 2584 725 2656 sitis
751 2584 836 2658 vivit
860 2582 1000 2671 bellua,
1026 2576 1151 2652 mulus

72 2680 256 2793 capitibus
294 2696 518 2790 diversisque
549 2683 716 2770 faciebus
756 2709 794 2772 et
827 2700 998 2772 dentibus
1032 2696 1152 2769 curvis
1205 2751 1208 2756 ,

79 2823 254 2916 prendite,
283 2816 429 2888 nomine
453 2806 599 2889 Mettio
625 2829 724 2890 nota
792 2819 896 2890 Duas
929 2818 1003 2889 alas
1039 2814 1153 2909 habet

69 2951 108 3010 et
142 2937 357 3010 animalibus
389 2937 501 3030 meris
534 2931 704 3046 vescitur.
785 2927 877 3006 Sunt
912 2937 976 3030 qui
1008 2933 1156 3018 ferent,

69 3083 179 3176 reges
191 3043 333 3130 illarum
346 3061 535 3150 regionum
546 3041 616 3168 pro
626 3058 801 3166 jumento
808 3059 846 3154 n)
869 3081 950 3128 erm
967 3057 1153 3140 adhibere,
1257 3123 1260 3130 ,

69 3200 227 3271 eamque
239 3175 287 3246 ob
297 3171 391 3246 lianc
403 3197 566 3247 caussam
580 3174 670 3282 cop'i3
683 3177 903 3268 qusm‚·dum
913 3201 980 3249 rex
994 3180 1149 3274 equitet,

72 3294 246 3390 stragulis
268 3293 413 3363 sericeis
439 3303 572 3364 tectam
597 3305 635 3362 et
657 3294 759 3364 vario
787 3275 898 3376 modo
926 3308 1151 3379 exornatam.

73 3427 161 3487 erute
176 3425 333 3486 turmam
349 3415 426 3505 ejus
441 3417 600 3508 equitum
620 3417 767 3487 ducunt.
781 3451 832 3473 ·-
857 3419 979 3511 Prope
1000 3419 1221 3492 insulam

73 3525 155 3612 Vic
191 3523 267 3606 Vic
300 3517 639 3617 commemoratam,
676 3535 796 3636 piscis¹
818 3537 1038 3631 conspicitur
1073 3535 1153 3632 plus

53 3849 56 3855 ¹
122 3737 228 3846 i>S
254 3789 346 3840 recte
372 3759 535 3890 διιὼ)

125 3903 164 3985 ²)
194 3913 225 3975 S
252 3938 314 4052 pro
340 3903 453 4024 „siju
474 3911 561 4005 legit
591 3900 781 4022 ubba
