2792 4812
236 271 308 342 150·

122 525 125 532 ·
227 478 625 564 dommartinum
651 481 811 564 densiori
838 488 953 566 simile
978 485 1154 575 habebat,
1188 501 1302 589 quod

230 611 277 682 ab
301 607 473 678 umbilico
498 608 544 676 ad
566 632 684 700 genua
709 633 826 703 usqne
850 613 1052 702 pertinens,
1079 611 1299 709 subligacu-

227 729 257 802 li
281 725 389 798 modo
412 725 446 828 ei
472 737 551 812 erat
570 726 789 829 alligatum?
808 767 859 782 -
899 728 1006 800 Tmic
1037 727 1116 796 heic
1142 752 1301 823 quoque

228 847 465 940 conspicitur,
507 848 591 938 qui,
626 848 735 918 sicuti
759 849 875 918 nubes
904 859 984 919 atra
1021 869 1043 914 e
1080 851 1173 917 mari
1212 872 1301 918 sese

225 949 410 1042 instulinc
432 968 625 1062 aliquando
649 971 787 1042 dicitnr.
813 1029 815 1036 .
839 972 961 1061 Quem
989 993 1101 1062 quum
1126 971 1301 1045 viderent

225 1071 406 1171 immines,
431 1085 622 1182 putabant
629 1107 708 1198 esse
733 1088 916 1180 ingentem
931 1088 1111 1176 belluam,
1129 1112 1214 1181 quae
1227 1116 1301 1166 ee..
1302 1169 1305 1178 ,

225 1218 322 1280 teras
346 1209 384 1276 iu
408 1229 501 1278 marr
490 1205 678 1277 vexabat
728 1203 767 1272 In
793 1228 875 1274 eum
893 1207 1001 1278 Deus
1020 1207 1156 1286 nubem
1180 1230 1202 1274 e
1217 1233 1301 1282 nu..

225 1328 333 1400 bibus
357 1352 432 1428 suae
455 1305 629 1423 potentiae
653 1291 817 1410 demisit,
852 1350 934 1420 quse
968 1351 1053 1416 eum
1088 1341 1245 1420 portans
1278 1348 1303 1394 a

227 1447 321 1518 mari
339 1414 484 1518 eduxit
534 1441 709 1512 Formam
738 1419 867 1514 habuit
891 1444 954 1516 illc
985 1445 1091 1539 piscis
1113 1445 1299 1542 serpentis

228 1555 332 1660 nigri
408 1561 553 1646 Omne,
594 1582 617 1627 a
653 1561 771 1678 cauda
802 1563 878 1653 ejus
912 1573 1140 1647 contactum,
1176 1565 1305 1654 majus

228 1686 441 1780 aedificium,
454 1685 648 1772 contritum
673 1685 945 1788 destruebatur3
972 1689 1171 1781 eodemque
1184 1690 1301 1760 modo
1339 1693 1341 1698 '

230 1806 379 1877 arbores
394 1807 432 1894 8)
456 1801 657 1908 frangebat.
706 1805 890 1877 Interdum
921 1808 1108 1899 spiritum,
1142 1809 1300 1878 arbores

230 1941 269 2002 et
298 1929 438 2024 plantas
468 1930 700 2011 exurentem,
718 1907 938 2001 emittebat.
1001 1901 1129 1999 Nubes
1160 1929 1273 2000 illa
1261 1951 1299 1997 ιιι

118 2073 206 2166 ρηθε
230 2052 400 2138 iaculum,
425 2051 489 2120 ubi
506 2045 648 2139 Jedjudj
673 2048 859 2134 habitant,
885 2062 928 2120 ut
947 2051 993 2120 iis
1017 2061 1113 2120 esset
1133 2049 1298 2120 alimen-

124 2265 128 2274 Ι
229 2183 325 2254 tum,
350 2177 434 2242 eum
459 2171 588 2270 dejecit
602 2175 726 2263 9)·-·
681 2167 814 2240 -Ab
841 2171 907 2242 lbn
933 2161 1065 2242 A'bbis
1096 2173 1170 2262 (cui
1192 2172 1301 2244 Deus

146 2387 149 2393 ,
230 2293 506 2389 sitpropitiusi)
532 2293 627 2362 hanc
647 2296 894 2366 narrationem
913 2297 1087 2367 traditam
1105 2295 1300 2366 habemus.

230 2411 449 2503 ”Postquam
481 2407 689 2480 Alexander
724 2413 855 2482 vallum
893 2413 1039 2504 [contra
1078 2406 1220 2507 Jadjirdj
1266 2421 1303 2480 et

230 2525 418 2630 Mcdjtdj]
453 2531 637 2604 adfinem
669 2535 847 2606 eduxerat
873 2549 912 2607 et
944 2538 1037 2608 bene
1070 2533 1302 2615 firmaverat,

204 2661 369 2725 summa
400 2644 522 2726 iaetitii
560 2653 784 2735 commotus',
824 2655 995 2726 thronum
1029 2656 1152 2728 afferri
1185 2653 1304 2750 inque

139 2866 143 2870 Ι
223 2773 325 2847 'valio
341 2773 507 2843 collocari
531 2775 643 2865 jussit.
696 2761 781 2864 Quo
798 2775 981 2846 adscensu
1006 2777 1125 2848 Deum
1145 2777 1304 2846 laudans

232 2889 488 2980 celebremque
511 2884 618 2986 diritir
644 2887 700 2958 ”O
725 2888 883 2958 Domine
895 2890 1133 2976 dominorum,
1149 2891 1212 2981 qui
1230 2887 1306 2958 dit-

234 3005 344 3077 ficilia
356 3002 478 3074 facilia
491 3005 621 3090 reddit,
647 3017 691 3074 tu
714 3003 799 3073 mihi
825 3007 1049 3098 suggessisti,
1068 3007 1164 3074 hunc
1179 3005 1306 3074 locum

233 3125 329 3202 vallo
361 3125 567 3206 obstruere,
601 3126 641 3193 in
673 3124 866 3217 regionum
901 3125 1074 3208 tutelam,
1107 3123 1301 3192 hominum

185 3307 187 3316 ,
235 3245 412 3338 quietem,
436 3242 618 3337 hujusque
642 3243 774 3330 hostis,
810 3245 870 3312 cui
901 3257 1077 3314 enatura
1105 3245 1215 3313 insita
1248 3253 1307 3312 est

132 3401 135 3418 =
236 3361 428 3448 violentia,
452 3361 740 3455 castigationem.
766 3439 769 3445 ¹
790 3360 937 3430 Reddas
960 3363 1071 3456 igitur
1094 3363 1152 3430 die
1169 3370 1203 3450 ι)
1228 3384 1308 3430 no-

234 3479 386 3566 moino,
409 3480 496 3556 mihi
521 3480 710 3572 praemium
733 3481 946 3576 pulchrum,
973 3479 1307 3576 peregrinationem

289 3705 321 3790 ⁸)
343 3711 376 3814 S.
403 3736 472 3779 om.
497 3707 581 3826 (ἕλε
741 3705 773 3808 ⁹)
792 3715 824 3784 S.
846 3701 999 3814 iggl'hp
1036 3715 1052 3784 ’,

294 3858 330 3943 ³¹)
353 3871 386 3946 S.
411 3873 488 3940 add.
513 3875 556 3975 ᾳ
732 3840 736 3850 ⁸
1000 3893 1004 3900 ·
1049 3907 1053 3916 ·
