2792 4812
239 313 311 384 126

239 517 401 595 tenebris
425 519 472 592 ad
496 518 618 591 locum
651 514 846 590 concursus
876 515 1033 594 duorum
1064 523 1234 596 marium·
1248 522 1306 620 pl·

242 671 340 717 seem
366 647 440 719 vidi
468 667 617 740 operam
648 642 812 730 dantem,
851 655 893 717 ut
924 669 1020 742 pone
1051 645 1153 716 illum
1187 647 1308 742 Beghl

239 774 400 849 veniret;
428 769 539 840 at·.ob
561 769 645 860 :ejus
668 769 974 861 magnitudinem,
1002 769 1140 842 frustra
1169 773 1306 842 niteba·
1369 791 1370 794 ’

241 892 314 954 tur.
333 920 390 938 --·
417 883 526 966 Piscis
550 883 660 955 Masis
683 881 756 974 (cui
784 883 963 981 paxl)6).
1023 884 1196 970 Ex.Abu
1222 887 1310 959 Ha·
1369 797 1371 942 l

243 1001 325 1069 mad
357 1000 437 1070 haec
468 1000 596 1070 habeo.
660 999 734 1071 ”Iu‘
761 1002 853 1074 urbe
890 1003 1025 1077 sebteh
1060 991 1195 1098 piscem
1235 1012 1310 1081 vidi

211 1211 214 1217 Ι
245 1117 492 1194 Neri-rl-lnit
509 1128 546 1215 7)
573 1134 759 1204 vocaturn,
786 1123 846 1215 qui
868 1123 967 1192 idem
992 1132 1049 1193 est
1070 1147 1113 1193 ac
1144 1125 1215 1206 illcv
1249 1127 1310 1218 pi·

243 1242 312 1313 scis
341 1252 500 1329 assatus,
540 1265 646 1333 quam
682 1239 807 1309 Moses
847 1250 884 1310 et
921 1241 1052 1332 Josua,
1087 1241 1310 1315 El-Khider
1373 1233 1374 1328 l

171 1417 176 1427 .
246 1361 319 1458 (cui
353 1355 463 1454 paxl)
495 1357 683 1450 quaesituri
721 1355 1015 1449 proficiscentes,
1045 1383 1168 1428 secum
1201 1358 1312 1429 fere·

247 1483 347 1550 bant.
399 1475 610 1566 Longitudo
637 1475 712 1576 rjus
735 1474 857 1545 ulnam
881 1474 1015 1562 efficit,
1042 1478 1198 1547 latitudo
1230 1478 1313 1568 spi·
1374 1501 1375 1504 ¹

248 1601 419 1669 thamam.
473 1593 594 1682 Unum
622 1593 714 1664 latus
741 1591 796 1663 ex'
814 1595 956 1665 ossibus
981 1601 1313 1671 tantum'constal3

245 1740 356 1810 super
381 1701 579 1788 visceribus
605 1724 641 1782 et
670 1712 789 1806 capite
816 1713 937 1800 tenuis
972 1725 1026 1784 est
1060 1715 1151 1784 culis
1184 1724 1223 1783 et
1261 1717 1315 1782 di·

245 1838 396 1909 midium
421 1844 529 1926 caput
546 1823 631 1902 ‘uno
658 1831 764 1902 oculo
789 1833 990 1925 praeditum.
1050 1831 1176 1921 Quare
1209 1857 1315 1922 cum,

219 1961 276 2029 'si
308 1979 354 2024 ex
387 1955 457 2024 hoc
491 1953 605 2022 latere
643 1954 885 2046 spectaveris,
914 1953 1137 2024 immundum
1174 1958 1315 2026 credes.

249 2071 415 2142 Alterum
447 2091 537 2142 vero
555 2069 660 2140 ,latus
678 2065 901 2162 ,p‘e'rl'ectum
940 2080 996 2139 est
1036 2081 1074 2140 et
1107 2070 1314 2163 pulchrum.

249 2193 445 2278 Homines,
473 2193 663 2283 praecipue,
694 2188 832 2277 ludaei,
866 2211 950 2257 eum
982 2189 1132 2258 maximi
1169 2186 1317 2259 faciunt

248 2309 353 2380 etad
371 2315 558 2398 magnates
581 2303 763 2395 portant.’'
788 2339 839 2359 -
855 2357 860 2364 .
876 2301 934 2370 De
963 2301 1062 2394 pisce
1098 2303 1193 2390 alio,
1227 2305 1318 2395 pilei

249 2425 343 2518 nigri
368 2424 523 2515 speciem
548 2419 750 2514 referente,
790 2413 874 2488 Abu
896 2419 1041 2490 Hnmed
1074 2417 1152 2486 haec
1179 2405 1319 2490 refert.

249 2541 381 2614 ”Hunc
413 2540 487 2615 vidi
517 2539 673 2633 piscem,
706 2538 745 2608 in
776 2537 877 2630 cujus
912 2545 1051 2636 ventre,
1075 2543 1177 2602 erant
1209 2535 1320 2624 quasi

250 2673 325 2740 cluo
349 2666 528 2740 intestina.
582 2662 711 2754 Capito
739 2670 776 2730 et
799 2656 905 2728 oculo
926 2657 1090 2732 carebat.
1148 2657 1321 2735 Follicu··¹

250 2789 306 2858 lus
328 2783 442 2872 lenis,
468 2785 562 2854 sicut
586 2780 653 2848 bos
678 2771 760 2846 curn
788 2774 916 2856 habet,
952 2776 984 2842 ei
1013 2789 1091 2848 erat
1114 2780 1219 2872 nigro
1262 2805 1322 2852 ρο.
1381 2803 1382 2870 3

250 2910 338 2978 lore.
378 2902 476 2972 Dum
488 2896 715 2992 capiebatur,
730 2899 821 2962 'sess
847 2891 1015 2962 movebat
1038 2917 1261 2986 omnemque
1280 2915 1323 2966 a.
1381 2885 1382 2910 ¹

255 3046 363 3120 quam
390 3023 486 3089 circa
507 3019 646 3112 nigram
668 3012 764 3107 ‚adso
789 3008 954 3096 iaciebat¹
971 3021 1014 3080 ut
1039 3023 1245 3085 atramento
1274 3039 1322 3086 ex

163 3181 192 3223 ‚¹
222 3206 228 3222 ‚
255 3144 357 3213 sumo
382 3135 507 3206 similis
529 3121 644 3202 fieret.
703 3124 813 3214 Quod
839 3147 860 3193 e
882 3120 1044 3196 folliculo
1070 3124 1166 3199 fellis
1192 3111 1324 3229 nrofif,

207 3319 212 3326 .
252 3264 337 3336 cisci
364 3259 528 3330 autumo.
579 3247 680 3318 'I'alis
705 3267 797 3338 aqua
824 3245 1008 3342 colligitur
1029 3250 1126 3318 etad
1149 3250 1323 3332 scriben.

252 3389 339 3458 dum
373 3386 412 3453 in
448 3379 574 3447 charla
608 3370 809 3440 adhibetur.
873 3369 941 3441 Est
978 3373 1074 3442 enim
1112 3381 1324 3448 atramento

248 3500 459 3582 ‘venustum
505 3487 662 3582 nigrior,
712 3488 950 3575 constantior,
998 3485 1244 3580 praestantior·
1282 3504 1325 3564 er

240 3667 516 3697 0-.-----··-

309 3755 339 3835 ⁶)
367 3761 427 3826 Cir
453 3753 610 3825 Domairi
628 3734 659 3822 l.
679 3779 709 3823 c.
734 3697 801 3823 foll
826 3750 872 3820 55
899 3763 1001 3819 recto.

304 3905 338 4003 ⁷)
361 3903 427 3980 As
454 3880 620 3995 seronior
647 3898 759 3994 proles
782 3894 896 3988 piscis.
